%% This BibTeX bibliography file was created using BibDesk.
%% http://bibdesk.sourceforge.net/


%% Created for Olivier Commowick at 2008-06-16 21:02:37 -0400 


%% Saved with string encoding Western (Windows Latin 1)


@article{girvan2002community,
  title={Community structure in social and biological networks},
  author={Girvan, Michelle and Newman, Mark EJ},
  journal={Proceedings of the national academy of sciences},
  volume={99},
  number={12},
  pages={7821--7826},
  year={2002},
  publisher={National Acad Sciences}
}
@article{raghavan2007near,
  title={Near linear time algorithm to detect community structures in large-scale networks},
  author={Raghavan, Usha Nandini and Albert, R{\'e}ka and Kumara, Soundar},
  journal={Physical Review E},
  volume={76},
  number={3},
  pages={036106},
  year={2007},
  publisher={APS}
}

@article{fortunato2010community,
  title={Community detection in graphs},
  author={Fortunato, Santo},
  journal={Physics reports},
  volume={486},
  number={3},
  pages={75--174},
  year={2010},
  publisher={Elsevier}
}

@article{chp2usermodelingplumbaum2015user,
  title={User modeling in the social semantic web},
  author={Plumbaum, Till},
  year={2015}
}

@inproceedings{chp2siocontoDBLP:conf/atal/PassantBBD09,
  author    = {Alexandre Passant and
               Uldis Bojars and
               John G. Breslin and
               Stefan Decker},
  title     = {The {SIOC} Project: Semantically-Interlinked Online Communities, from
               Humans to Machines},
  booktitle = {Coordination, Organizations, Institutions and Norms in Agent Systems
               V, {COIN} 2009 International Workshops. COIN@AAMAS 2009, Budapest,
               Hungary, May 2009, COIN@IJCAI 2009, Pasadena, USA, July 2009, COIN@MALLOW
               2009, Turin, Italy, September 2009. Revised Selected Papers},
  pages     = {179--194},
  year      = {2009},
  crossref  = {DBLP:conf/atal/2009coin},
  url       = {http://dx.doi.org/10.1007/978-3-642-14962-7_12},
  doi       = {10.1007/978-3-642-14962-7_12},
  timestamp = {Tue, 19 Nov 2013 18:10:38 +0100},
  biburl    = {http://dblp.uni-trier.de/rec/bib/conf/atal/PassantBBD09},
  bibsource = {dblp computer science bibliography, http://dblp.org}
}

@book{chp2socialsemanticminingDBLP:series/synthesis/2015Omitola,
  author    = {Tope Omitola and
               Sebasti{\'{a}}n A. R{\'{\i}}os and
               John G. Breslin},
  title     = {Social Semantic Web Mining},
  booktitle = {Social Semantic Web Mining},
  series    = {Synthesis Lectures on the Semantic Web: Theory and Technology},
  publisher = {Morgan {\&} Claypool Publishers},
  year      = {2015},
  url       = {http://dx.doi.org/10.2200/S00623ED1V01Y201412WBE010},
  doi       = {10.2200/S00623ED1V01Y201412WBE010},
  timestamp = {Sun, 20 Dec 2015 17:54:45 +0100},
  biburl    = {http://dblp.uni-trier.de/rec/bib/series/synthesis/2015Omitola},
  bibsource = {dblp computer science bibliography, http://dblp.org}
}
@inproceedings{chp2wordembedluong2013better,
  title={Better Word Representations with Recursive Neural Networks for Morphology.},
  author={Luong, Thang and Socher, Richard and Manning, Christopher D},
  booktitle={CoNLL},
  pages={104--113},
  year={2013},
  organization={Citeseer}
}
@inproceedings{chp2wordembedmikolov2013linguistic,
  title={Linguistic Regularities in Continuous Space Word Representations.},
  author={Mikolov, Tomas and Yih, Wen-tau and Zweig, Geoffrey},
  year={2013}
}

@inproceedings{chp2lau2011automaticlabeling,
  title={Automatic labelling of topic models},
  author={Lau, Jey Han and Grieser, Karl and Newman, David and Baldwin, Timothy},
  booktitle={Proceedings of the 49th Annual Meeting of the Association for Computational Linguistics: Human Language Technologies-Volume 1},
  pages={1536--1545},
  year={2011},
  organization={Association for Computational Linguistics}
}

@inproceedings{chp2cano2014automatictopiclabeling,
  title={Automatic labelling of topic models learned from twitter by summarisation},
  author={Cano Basave, Amparo Elizabeth and He, Yulan and Xu, Ruifeng},
  year={2014},
  organization={Association for Computational Linguistics (ACL)}
}
@inproceedings{chp2aletras2014labelling,
  title={Labelling Topics using Unsupervised Graph-based Methods.},
  author={Aletras, Nikolaos and Stevenson, Mark},
  booktitle={ACL (2)},
  pages={631--636},
  year={2014}
}


@inproceedings{chp2hulpus2013unsupervisedtopiclabeling,
  title={Unsupervised graph-based topic labelling using dbpedia},
  author={Hulpus, Ioana and Hayes, Conor and Karnstedt, Marcel and Greene, Derek},
  booktitle={Proceedings of the sixth ACM international conference on Web search and data mining},
  pages={465--474},
  year={2013},
  organization={ACM}
}

@inproceedings{chp2yao2010detecting,
  title={Detecting bursty events in collaborative tagging systems},
  author={Yao, Junjie and Cui, Bin and Huang, Yuxin and Zhou, Yanhong},
  booktitle={Data Engineering (ICDE), 2010 IEEE 26th International Conference on},
  pages={780--783},
  year={2010},
  organization={IEEE}
}

@article{chp2yao2012bursty,
  title={Bursty event detection from collaborative tags},
  author={Yao, Junjie and Cui, Bin and Huang, Yuxin and Zhou, Yanhong},
  journal={World Wide Web},
  volume={15},
  number={2},
  pages={171--195},
  year={2012},
  publisher={Springer}
}

@inproceedings{chp2mei2005discovering,
  title={Discovering evolutionary theme patterns from text: an exploration of temporal text mining},
  author={Mei, Qiaozhu and Zhai, ChengXiang},
  booktitle={Proceedings of the eleventh ACM SIGKDD international conference on Knowledge discovery in data mining},
  pages={198--207},
  year={2005},
  organization={ACM}
}
@inproceedings{chp2wang2007mining,
  title={Mining correlated bursty topic patterns from coordinated text streams},
  author={Wang, Xuanhui and Zhai, ChengXiang and Hu, Xiao and Sproat, Richard},
  booktitle={Proceedings of the 13th ACM SIGKDD international conference on Knowledge discovery and data mining},
  pages={784--793},
  year={2007},
  organization={ACM}
}

@inproceedings{chp2onlineldaalsumait2008line,
  title={On-line lda: Adaptive topic models for mining text streams with applications to topic detection and tracking},
  author={AlSumait, Loulwah and Barbar{\'a}, Daniel and Domeniconi, Carlotta},
  booktitle={Data Mining, 2008. ICDM'08. Eighth IEEE International Conference on},
  pages={3--12},
  year={2008},
  organization={IEEE}
}
@inproceedings{chp2gohr2009topic,
  title={Topic Evolution in a Stream of Documents.},
  author={Gohr, Andre and Hinneburg, Alexander and Schult, Rene and Spiliopoulou, Myra},
  organization={SIAM}
}

@article{chp2kleinberg2003bursty,
  title={Bursty and hierarchical structure in streams},
  author={Kleinberg, Jon},
  journal={Data Mining and Knowledge Discovery},
  volume={7},
  number={4},
  pages={373--397},
  year={2003},
  publisher={Springer}
}

@inproceedings{chp2Wu:2008:PLSA:SimlarQ,
 author = {Wu, Hu and Wang, Yongji and Cheng, Xiang},
 title = {Incremental Probabilistic Latent Semantic Analysis for Automatic Question Recommendation},
 booktitle = {Proceedings of the 2008 ACM Conference on Recommender Systems},
 series = {RecSys '08},
 year = {2008},
 isbn = {978-1-60558-093-7},
 location = {Lausanne, Switzerland},
 pages = {99--106},
 numpages = {8},
 url = {http://doi.acm.org/10.1145/1454008.1454026},
 doi = {10.1145/1454008.1454026},
 acmid = {1454026},
 publisher = {ACM},
 address = {New York, NY, USA},
 keywords = {incremental learning, plsa, recommendation system},
} 

@inproceedings{chp2Qu:2009:WWW:PLSA:SimlarQ,
 author = {Qu, Mingcheng and Qiu, Guang and He, Xiaofei and Zhang, Cheng and Wu, Hao and Bu, Jiajun and Chen, Chun},
 title = {Probabilistic Question Recommendation for Question Answering Communities},
 booktitle = {Proceedings of the 18th International Conference on World Wide Web},
 series = {WWW '09},
 year = {2009},
 isbn = {978-1-60558-487-4},
 location = {Madrid, Spain},
 pages = {1229--1230},
 numpages = {2},
 url = {http://doi.acm.org/10.1145/1526709.1526942},
 doi = {10.1145/1526709.1526942},
 acmid = {1526942},
 publisher = {ACM},
 address = {New York, NY, USA},
 keywords = {PLSA, question answering, question recommendation},
} 

@inproceedings{chp2jeon2005finding,
  title={Finding similar questions in large question and answer archives},
  author={Jeon, Jiwoon and Croft, W Bruce and Lee, Joon Ho},
  booktitle={Proceedings of the 14th ACM international conference on Information and knowledge management},
  pages={84--90},
  year={2005},
  organization={ACM}
}


@inproceedings{chp2Bouguessa:2008:Identify:authority:indegree,
 author = {Bouguessa, Mohamed and Dumoulin, Beno\^{\i}t and Wang, Shengrui},
 title = {Identifying Authoritative Actors in Question-answering Forums: The Case of Yahoo! Answers},
 booktitle = {Proceedings of the 14th ACM SIGKDD International Conference on Knowledge Discovery and Data Mining},
 series = {KDD '08},
 year = {2008},
 isbn = {978-1-60558-193-4},
 location = {Las Vegas, Nevada, USA},
 pages = {866--874},
 numpages = {9},
 url = {http://doi.acm.org/10.1145/1401890.1401994},
 doi = {10.1145/1401890.1401994},
 acmid = {1401994},
 publisher = {ACM},
 address = {New York, NY, USA},
 keywords = {Yahoo! answers, identification of authoritative actors, link analysis, mixture model},
} 

@inproceedings{chp2Pal:2010:Expert:evolution,
 author = {Pal, Aditya and Konstan, Joseph A.},
 title = {Expert Identification in Community Question Answering: Exploring Question Selection Bias},
 booktitle = {Proceedings of the 19th ACM International Conference on Information and Knowledge Management},
 series = {CIKM '10},
 year = {2010},
 isbn = {978-1-4503-0099-5},
 location = {Toronto, ON, Canada},
 pages = {1505--1508},
 numpages = {4},
 url = {http://doi.acm.org/10.1145/1871437.1871658},
 doi = {10.1145/1871437.1871658},
 acmid = {1871658},
 publisher = {ACM},
 address = {New York, NY, USA},
 keywords = {expert identification, question answering, selection bias},
} 

@inproceedings{chp2Zhou:2012:TPM:2396761.2398493,
 author = {Zhou, Guangyou and Lai, Siwei and Liu, Kang and Zhao, Jun},
 title = {Topic-sensitive Probabilistic Model for Expert Finding in Question Answer Communities},
 booktitle = {Proceedings of the 21st ACM International Conference on Information and Knowledge Management},
 series = {CIKM '12},
 year = {2012},
 isbn = {978-1-4503-1156-4},
 location = {Maui, Hawaii, USA},
 pages = {1662--1666},
 numpages = {5},
 url = {http://doi.acm.org/10.1145/2396761.2398493},
 doi = {10.1145/2396761.2398493},
 acmid = {2398493},
 publisher = {ACM},
 address = {New York, NY, USA},
 keywords = {expert finding, pagerank, yahoo! answers},
} 


@inproceedings{chp7ldatimecomplexity,
 author = {Wei, Xing and Croft, W. Bruce},
 title = {LDA-based Document Models for Ad-hoc Retrieval},
 booktitle = {Proceedings of the 29th Annual International ACM SIGIR Conference on Research and Development in Information Retrieval},
 series = {SIGIR '06},
 year = {2006},
 isbn = {1-59593-369-7},
 location = {Seattle, Washington, USA},
 pages = {178--185},
 numpages = {8},
 url = {http://doi.acm.org/10.1145/1148170.1148204},
 doi = {10.1145/1148170.1148204},
 acmid = {1148204},
 publisher = {ACM},
 address = {New York, NY, USA},
 keywords = {document model, information retrieval, language model, latent dirichlet allocation (LDA), topic model},
} 


@article{chp6page1999pagerank,
  title={The PageRank citation ranking: bringing order to the web.},
  author={Page, Lawrence and Brin, Sergey and Motwani, Rajeev and Winograd, Terry},
  year={1999},
  publisher={Stanford InfoLab}
}

@inproceedings{chp6OnConceptualLabelingOfBagOfWords,
  title={On conceptual labeling of a bag of words},
  author={Sun, Xiangyan and Xiao, Yanghua and Wang, Haixun and Wang, Wei},
  booktitle={Proceedings of the 24th International Conference on Artificial Intelligence},
  pages={1326--1332},
  year={2015},
  organization={AAAI Press}
}

@inproceedings{chp7diao2012finding,
  title={Finding bursty topics from microblogs},
  author={Diao, Qiming and Jiang, Jing and Zhu, Feida and Lim, Ee-Peng},
  booktitle={Proceedings of the 50th Annual Meeting of the Association for Computational Linguistics: Long Papers-Volume 1},
  pages={536--544},
  year={2012},
  organization={Association for Computational Linguistics}
}
@incollection{chp7zhao2011comparing,
  title={Comparing twitter and traditional media using topic models},
  author={Zhao, Wayne Xin and Jiang, Jing and Weng, Jianshu and He, Jing and Lim, Ee-Peng and Yan, Hongfei and Li, Xiaoming},
  booktitle={Advances in Information Retrieval},
  pages={338--349},
  year={2011},
  publisher={Springer}
}

@inproceedings{chp1DBLP:conf/semweb/EreteoBGC09,
  author    = {Guillaume Er{\'{e}}t{\'{e}}o and
               Michel Buffa and
               Fabien Gandon and
               Olivier Corby},
  title     = {Analysis of a Real Online Social Network Using Semantic Web Frameworks},
  booktitle = {The Semantic Web - {ISWC} 2009, 8th International Semantic Web Conference,
               {ISWC} 2009, Chantilly, VA, USA, October 25-29, 2009. Proceedings},
  pages     = {180--195},
  year      = {2009},
  crossref  = {DBLP:conf/semweb/2009},
  url       = {http://dx.doi.org/10.1007/978-3-642-04930-9_12},
  doi       = {10.1007/978-3-642-04930-9_12},
  timestamp = {Wed, 11 Nov 2009 09:26:15 +0100},
  biburl    = {http://dblp.uni-trier.de/rec/bib/conf/semweb/EreteoBGC09},
  bibsource = {dblp computer science bibliography, http://dblp.org}
}
@inproceedings{chp1DBLP:conf/webi/Mika04,
  author    = {Peter Mika},
  title     = {Social Networks and the Semantic Web},
  booktitle = {2004 {IEEE/WIC/ACM} International Conference on Web Intelligence {(WI}
               2004), 20-24 September 2004, Beijing, China},
  pages     = {285--291},
  year      = {2004},
  crossref  = {DBLP:conf/webi/2004},
  url       = {http://doi.ieeecomputersociety.org/10.1109/WI.2004.128},
  doi       = {10.1109/WI.2004.128},
  timestamp = {Mon, 11 Aug 2014 17:11:18 +0200},
  biburl    = {http://dblp.uni-trier.de/rec/bib/conf/webi/Mika04},
  bibsource = {dblp computer science bibliography, http://dblp.org}
}


@article{chp1DBLP:journals/internet/BreslinD07,
  author    = {John G. Breslin and
               Stefan Decker},
  title     = {The Future of Social Networks on the Internet: The Need for Semantics},
  journal   = {{IEEE} Internet Computing},
  volume    = {11},
  number    = {6},
  pages     = {86--90},
  year      = {2007},
  url       = {http://doi.ieeecomputersociety.org/10.1109/MIC.2007.138},
  doi       = {10.1109/MIC.2007.138},
  timestamp = {Thu, 08 Nov 2007 08:29:14 +0100},
  biburl    = {http://dblp.uni-trier.de/rec/bib/journals/internet/BreslinD07},
  bibsource = {dblp computer science bibliography, http://dblp.org}
}
@article{chp1DBLP:journals/ijwbc/BreslinDHB06,
  author    = {John G. Breslin and
               Stefan Decker and
               Andreas Harth and
               Uldis Bojars},
  title     = {{SIOC:} an approach to connect web-based communities},
  journal   = {{IJWBC}},
  volume    = {2},
  number    = {2},
  pages     = {133--142},
  year      = {2006},
  url       = {http://dx.doi.org/10.1504/IJWBC.2006.010305},
  doi       = {10.1504/IJWBC.2006.010305},
  timestamp = {Tue, 08 Jan 2008 13:05:11 +0100},
  biburl    = {http://dblp.uni-trier.de/rec/bib/journals/ijwbc/BreslinDHB06},
  bibsource = {dblp computer science bibliography, http://dblp.org}
}


@article{chp6babelfy:Moroetal:14tacl,
  author    = {Andrea Moro and
               Alessandro Raganato and
               Roberto Navigli},
  title     = {{Entity Linking meets Word Sense Disambiguation: a Unified
               Approach}},
  journal   = {Transactions of the Association for Computational Linguistics (TACL)},
  volume    = {2},
  year      = {2014},
  pages     = {231-244},
}

@article{chp2Blei:2012:PTM:2133806.2133826,
 author = {Blei, David M.},
 title = {Probabilistic Topic Models},
 journal = {Commun. ACM},
 issue_date = {April 2012},
 volume = {55},
 number = {4},
 month = apr,
 year = {2012},
 issn = {0001-0782},
 pages = {77--84},
 numpages = {8},
 url = {http://doi.acm.org/10.1145/2133806.2133826},
 doi = {10.1145/2133806.2133826},
 acmid = {2133826},
 publisher = {ACM},
 address = {New York, NY, USA},
} 


@article{chp2blei2006correlated,
  title={Correlated topic models},
  year={2006},
  author={Blei, David and Lafferty, John}
}

@inproceedings{chp2blei2006dynamic,
  title={Dynamic topic models},
  author={Blei, David M and Lafferty, John D},
  booktitle={Proceedings of the 23rd international conference on Machine learning},
  pages={113--120},
  year={2006},
  organization={ACM}
}

@proceedings{chp2DBLP:conf/nips/2003,
  editor    = {Sebastian Thrun and
               Lawrence K. Saul and
               Bernhard Sch{\"{o}}lkopf},
  title     = {Advances in Neural Information Processing Systems 16 [Neural Information
               Processing Systems, {NIPS} 2003, December 8-13, 2003, Vancouver and
               Whistler, British Columbia, Canada]},
  publisher = {{MIT} Press},
  year      = {2004},
  url       = {http://papers.nips.cc/book/advances-in-neural-information-processing-systems-16-2003},
  isbn      = {0-262-20152-6},
  timestamp = {Thu, 11 Dec 2014 17:34:07 +0100},
  biburl    = {http://dblp.uni-trier.de/rec/bib/conf/nips/2003},
  bibsource = {dblp computer science bibliography, http://dblp.org}
}

@inproceedings{chp2griffiths2002probabilistic,
  title={A probabilistic approach to semantic representation},
  author={Griffiths, Tom and Steyvers, Mark},
  organization={Citeseer}
}


@article{chp2deerwester1990indexing,
  title={Indexing by latent semantic analysis},
  author={Deerwester, Scott and Dumais, Susan T and Furnas, George W and Landauer, Thomas K and Harshman, Richard},
  journal={Journal of the American society for information science},
  volume={41},
  number={6},
  pages={391},
  year={1990},
  publisher={American Documentation Institute}
}

@article{chp2landauer1997solution,
  title={A solution to Plato's problem: The latent semantic analysis theory of acquisition, induction, and representation of knowledge.},
  author={Landauer, Thomas K and Dumais, Susan T},
  journal={Psychological review},
  volume={104},
  number={2},
  pages={211},
  year={1997},
  publisher={American Psychological Association}
}

@inproceedings{chp2papadimitriou1998latent,
  title={Latent semantic indexing: A probabilistic analysis},
  author={Papadimitriou, Christos H and Tamaki, Hisao and Raghavan, Prabhakar and Vempala, Santosh},
  booktitle={Proceedings of the seventeenth ACM SIGACT-SIGMOD-SIGART symposium on Principles of database systems},
  pages={159--168},
  year={1998},
  organization={ACM}
}

@inproceedings{chp2hofmann1999probabilistic,
  title={Probabilistic latent semantic indexing},
  author={Hofmann, Thomas},
  booktitle={Proceedings of the 22nd annual international ACM SIGIR conference on Research and development in information retrieval},
  pages={50--57},
  year={1999},
  organization={ACM}
}


@article{o2009design,
  title={Design Patterns and Business Models for the Next Generation of Software},
  author={O'really, Tim},
  journal={URL: http://oreilly. com/web2/archive/what-is-web-20. html (01.12. 2013.)},
  year={2009}
}
@article{berners2001semantic,
  title={The semantic web},
  author={Berners-Lee, Tim and Hendler, James and Lassila, Ora and others},
  journal={Scientific american},
  volume={284},
  number={5},
  pages={28--37},
  year={2001},
  publisher={New York, NY, USA:}
}
@book{liu2009encyclopedia,
  title={Encyclopedia of database systems},
  author={Liu, Ling and Zsu, M Tamer},
  year={2009},
  publisher={Springer Publishing Company, Incorporated}
}
@article{feigenbaum2007semantic,
  title={The semantic web in action},
  author={Feigenbaum, Lee and Herman, Ivan and Hongsermeier, Tonya and Neumann, Eric and Stephens, Susie},
  journal={Scientific American},
  volume={297},
  number={6},
  pages={90--97},
  year={2007},
  publisher={Nature Publishing Group}
}
@inproceedings{bizer2011evolving,
  title={Evolving the Web into a Global Data Space.},
  author={Bizer, Christian},
  booktitle={BNCOD},
  volume={7051},
  pages={1},
  year={2011}
}
@article{berners2006linked,
  title={Linked data-design issues},
  author={Berners-Lee, Tim},
  year={2006}
}
@article{sanghunnewyork,
  title={South Koreans Connect Through Search Engine},
  author={CHOE Sang-Hun},
  year={2007},
  journal={New York Times},
  url={http://www.nytimes.com/2007/07/05/technology/05online.html}
}
.Sang-hun, C. . , July 5, 2007 (2007). 
@article{web2007web,
  title={Web 2.0, Wikis and Social Networking},
  author={Web, Participative and Content, User-Created},
  journal={SourceOCDE Science et technologies de l'information},
  volume={15},
  year={2007}
}
@inproceedings{Shah:2010:EPA:1835449.1835518,
 author = {Shah, Chirag and Pomerantz, Jefferey},
 title = {Evaluating and Predicting Answer Quality in Community QA},
 booktitle = {Proceedings of the 33rd International ACM SIGIR Conference on Research and Development in Information Retrieval},
 series = {SIGIR '10},
 year = {2010},
 isbn = {978-1-4503-0153-4},
 location = {Geneva, Switzerland},
 pages = {411--418},
 numpages = {8},
 url = {http://doi.acm.org/10.1145/1835449.1835518},
 doi = {10.1145/1835449.1835518},
 acmid = {1835518},
 publisher = {ACM},
 address = {New York, NY, USA},
 keywords = {answer quality evaluation and prediction, community question answering},
} 
@inproceedings{Harper:2008:PAQ:1357054.1357191,
 author = {Harper, F. Maxwell and Raban, Daphne and Rafaeli, Sheizaf and Konstan, Joseph A.},
 title = {Predictors of Answer Quality in Online Q\&A Sites},
 booktitle = {Proceedings of the SIGCHI Conference on Human Factors in Computing Systems},
 series = {CHI '08},
 year = {2008},
 isbn = {978-1-60558-011-1},
 location = {Florence, Italy},
 pages = {865--874},
 numpages = {10},
 url = {http://doi.acm.org/10.1145/1357054.1357191},
 doi = {10.1145/1357054.1357191},
 acmid = {1357191},
 publisher = {ACM},
 address = {New York, NY, USA},
 keywords = {digital reference, expert services, information exchanges, information quality, knowledge networks, online community, q\&a},
} 

@article{smith2012does,
  title={How does brand-related user-generated content differ across YouTube, Facebook, and Twitter?},
  author={Smith, Andrew N and Fischer, Eileen and Yongjian, Chen},
  journal={Journal of Interactive Marketing},
  volume={26},
  number={2},
  pages={102--113},
  year={2012},
  publisher={Elsevier}
}
@inproceedings{balasubramaniam2009user,
  title={User-generated content},
  author={Balasubramaniam, Niroshan},
  booktitle={Proceedings of business aspects of the internet of things, seminar of advanced topics},
  pages={28--33},
  year={2009},
  organization={ETH Zurich}
}
@article{dinucci2012fragmented,
  title={„Fragmented Future”, 1999},
  author={DiNucci, Darcy},
  journal={Dostupn {\'e} z: http://www. darcyd. com/fragmented future. pdf},
  year={2012}
}
@phdthesis{passant2009technologies,
  title={Technologies du Web S{\'e}mantique pour l’Entreprise 2.0},
  author={Passant, Alexandre},
  year={2009},
  school={PhD thesis, Universit{\'e} Paris IV-Sorbonne}
}
@book{moens2014mining,
  title={Mining user generated content},
  author={Moens, Marie-Francine and Li, Juanzi and Chua, Tat-Seng},
  year={2014},
  publisher={CRC Press}
}
@book{rheingold2000virtual,
  title={The virtual community: Homesteading on the electronic frontier},
  author={Rheingold, Howard},
  year={2000},
  publisher={MIT press}
}

@article{halpin2010standards,
  title={A Standards-based, Open and Privacy-aware Social Web},
  author={Halpin, Harry and Tuffield, Mischa},
  journal={W3C Social Web Incubator Group Report 6th December},
  year={2010}
}

@book{porter2010designing,
  title={Designing for the Social Web, eBook},
  author={Porter, Joshua},
  year={2010},
  publisher={Peachpit Press}
}


@incollection{pal2011early,
  title={Early detection of potential experts in question answering communities},
  author={Pal, Aditya and Farzan, Rosta and Konstan, Joseph A and Kraut, Robert E},
  booktitle={User Modeling, Adaption and Personalization},
  pages={231--242},
  year={2011},
  publisher={Springer}
}
@inproceedings{hu2014user,
  title={User Group Oriented Temporal Dynamics Exploration},
  author={Hu, Zhiting and Yao, Junjie and Cui, Bin},
  booktitle={Twenty-Eighth AAAI14},
  year={2014}
}
@inproceedings{ji2013learning,
  title={Learning to rank for question routing in community question answering},
  author={Ji, Zongcheng and Wang, Bin},
  booktitle={Proceedings of the 22nd ACM international conference on Conference on information \& knowledge management},
  pages={2363--2368},
  year={2013},
  organization={ACM}
}
@inproceedings{yang2013community,
  title={Community detection in networks with node attributes},
  author={Yang, Jaewon and McAuley, Julian and Leskovec, Jure},
  booktitle={Data Mining (ICDM), 2013 IEEE 13th International Conference on},
  pages={1151--1156},
  year={2013},
  organization={IEEE}
}
@inproceedings{hofmann1999probabilistic,
  title={Probabilistic latent semantic analysis},
  author={Hofmann, Thomas},
  booktitle={Proceedings of the Fifteenth conference on Uncertainty in artificial intelligence},
  pages={289--296},
  year={1999},
  organization={Morgan Kaufmann Publishers Inc.}
}
@inproceedings{yin2013unified,
  title={A unified model for stable and temporal topic detection from social media data},
  author={Yin, Hongzhi and Cui, Bin and Lu, Hua and Huang, Yuxin and Yao, Junjie},
  booktitle={Data Engineering (ICDE), 2013 IEEE 29th International Conference on},
  pages={661--672},
  year={2013},
  organization={IEEE}
}
@article{griffiths2004finding,
  title={Finding scientific topics},
  author={Griffiths, Thomas L and Steyvers, Mark},
  journal={Proceedings of the National Academy of Sciences},
  volume={101},
  number={suppl 1},
  pages={5228--5235},
  year={2004},
  publisher={National Acad Sciences}
}
@inproceedings{wang2006topics,
  title={Topics over time: a non-Markov continuous-time model of topical trends},
  author={Wang, Xuerui and McCallum, Andrew},
  booktitle={Proceedings of the 12th ACM SIGKDD international conference on Knowledge discovery and data mining},
  pages={424--433},
  year={2006},
  organization={ACM}
}
@inproceedings{ma2015tri,
  title={A Tri-Role Topic Model for Domain-Specific Question Answering},
  author={Ma, Zongyang and Sun, Aixin and Yuan, Quan and Cong, Gao},
  booktitle={Twenty-Ninth AAAI Conference on Artificial Intelligence},
  year={2015}
}
@inproceedings{anderson2012discovering,
  title={Discovering value from community activity on focused question answering sites: a case study of stack overflow},
  author={Anderson, Ashton and Huttenlocher, Daniel and Kleinberg, Jon and Leskovec, Jure},
  booktitle={Proceedings of the 18th ACM SIGKDD international conference on Knowledge discovery and data mining},
  pages={850--858},
  year={2012},
  organization={ACM}
}
@inproceedings{li2010routing,
  title={Routing questions to appropriate answerers in community question answering services},
  author={Li, Baichuan and King, Irwin},
  booktitle={Proceedings of the 19th ACM international conference on Information and knowledge management},
  pages={1585--1588},
  year={2010},
  organization={ACM}
}
@inproceedings{jurczyk2007discovering,
  title={Discovering authorities in question answer communities by using link analysis},
  author={Jurczyk, Pawel and Agichtein, Eugene},
  booktitle={Proceedings of the sixteenth ACM conference on Conference on information and knowledge management},
  pages={919--922},
  year={2007},
  organization={ACM}
}
@inproceedings{zhang2007expertise,
  title={Expertise networks in online communities: structure and algorithms},
  author={Zhang, Jun and Ackerman, Mark S and Adamic, Lada},
  booktitle={Proceedings of the 16th international conference on World Wide Web},
  pages={221--230},
  year={2007},
  organization={ACM}
}
@inproceedings{bouguessa2008identifying,
  title={Identifying authoritative actors in question-answering forums: the case of yahoo! answers},
  author={Bouguessa, Mohamed and Dumoulin, Beno{\^\i}t and Wang, Shengrui},
  booktitle={Proceedings of the 14th ACM SIGKDD international conference on Knowledge discovery and data mining},
  pages={866--874},
  year={2008},
  organization={ACM}
}
@inproceedings{park2013efficient,
  title={An efficient MapReduce algorithm for counting triangles in a very large graph},
  author={Park, Ha-Myung and Chung, Chin-Wan},
  booktitle={Proceedings of the 22nd ACM CIKM13},
  pages={539--548},
  year={2013},
  organization={ACM}
}
@inproceedings{Chang09,
Title = {Reading Tea Leaves: How Humans Interpret Topic Models},
Booktitle = {Neural Information Processing Systems},
Author = {Jonathan Chang and Jordan Boyd-Graber and Chong Wang and Sean Gerrish and David M. Blei},
Year = {2009},
Location = {Vancouver, British Columbia},
}
@inproceedings{guo2008tapping,
  title={Tapping on the potential of q\&a community by recommending answer providers},
  author={Guo, Jinwen and Xu, Shengliang and Bao, Shenghua and Yu, Yong},
  booktitle={Proceedings of the 17th ACM CIKM},
  pages={921--930},
  year={2008},
  organization={ACM}
}
@inproceedings{mcdaid2010detecting,
  title={Detecting highly overlapping communities with model-based overlapping seed expansion},
  author={McDaid, Aaron and Hurley, Neil},
  booktitle={Advances in Social Networks Analysis and Mining (ASONAM), 2010 International Conference on},
  pages={112--119},
  year={2010},
  organization={IEEE}
}
@article{lancichinetti2011finding,
  title={Finding statistically significant communities in networks},
  author={Lancichinetti, Andrea and Radicchi, Filippo and Ramasco, Jos{\'e} J and Fortunato, Santo},
  journal={PloS one},
  volume={6},
  number={4},
  pages={e18961},
  year={2011},
  publisher={Public Library of Science}
}
@inproceedings{suri2011counting,
  title={Counting triangles and the curse of the last reducer},
  author={Suri, Siddharth and Vassilvitskii, Sergei},
  booktitle={Proceedings of the 20th international conference on World wide web},
  pages={607--614},
  year={2011},
  organization={ACM}
}

@inproceedings{MengGFS14,
  author    = {Zide Meng and
               Fabien L. Gandon and
               Catherine Faron{-}Zucker and
               Ge Song},
  editor    = {Xindong Wu and
               Martin Ester and
               Guandong Xu},
  title     = {Empirical study on overlapping community detection in question and
               answer sites},
  booktitle = {2014 {IEEE/ACM} International Conference on Advances in Social Networks
               Analysis and Mining, {ASONAM} 2014, Beijing, China, August 17-20,
               2014},
  pages     = {344--348},
  publisher = {{IEEE}},
  year      = {2014},

}

@inproceedings{DBLP:conf/sdm/BalasubramanyanC11,
  author    = {Ramnath Balasubramanyan and
               William W. Cohen},
  title     = {Block-LDA: Jointly modeling entity-annotated text and entity-entity
               links},
  booktitle = {SDM},
  year      = {2011},
  pages     = {450-461},
  ee        = {http://siam.omnibooksonline.com/2011datamining/data/papers/058.pdf\#page=1},
  crossref  = {DBLP:conf/sdm/2011},
  bibsource = {DBLP, http://dblp.uni-trier.de}
}

@article{griffiths2004finding,
  title={Finding scientific topics},
  author={Griffiths, Thomas L and Steyvers, Mark},
  journal={Proceedings of the National academy of Sciences of the United States of America},
  volume={101},
  number={Suppl 1},
  pages={5228--5235},
  year={2004},
  publisher={National Acad Sciences}
}
@inproceedings{DBLP:journals/jmlr/ChangB09,
  author    = {Jonathan Chang and
               David M. Blei},
  title     = {Relational Topic Models for Document Networks},
  booktitle = {AISTATS},
  year      = {2009},
  pages     = {81-88},
  ee        = {http://www.jmlr.org/proceedings/papers/v5/chang09a.html},
  crossref  = {DBLP:conf/aistats/2009},
  bibsource = {DBLP, http://dblp.uni-trier.de}
}

@inproceedings{DBLP:conf/icml/LiuNG09,
  author    = {Yan Liu and
               Alexandru Niculescu-Mizil and
               Wojciech Gryc},
  title     = {Topic-link LDA: joint models of topic and author community},
  booktitle = {ICML},
  year      = {2009},
  pages     = {84},
  ee        = {http://doi.acm.org/10.1145/1553374.1553460},
  crossref  = {DBLP:conf/icml/2009},
  bibsource = {DBLP, http://dblp.uni-trier.de}
}

@inproceedings{DBLP:conf/icml/0002L12,
  author    = {Myunghwan Kim and
               Jure Leskovec},
  title     = {Latent Multi-group Membership Graph Model},
  booktitle = {ICML},
  year      = {2012},
  ee        = {http://icml.cc/discuss/2012/839.html},
  crossref  = {DBLP:conf/icml/2012},
  bibsource = {DBLP, http://dblp.uni-trier.de}
}

@inproceedings{DBLP:conf/sigmod/XuKWCC12,
  author    = {Zhiqiang Xu and
               Yiping Ke and
               Yi Wang and
               Hong Cheng and
               James Cheng},
  title     = {A model-based approach to attributed graph clustering},
  booktitle = {SIGMOD Conference},
  year      = {2012},
  pages     = {505-516},
  ee        = {http://doi.acm.org/10.1145/2213836.2213894},
  crossref  = {DBLP:conf/sigmod/2012},
  bibsource = {DBLP, http://dblp.uni-trier.de}
}

@article{DBLP:journals/csur/XieKS13,
  author    = {Jierui Xie and
               Stephen Kelley and
               Boleslaw K. Szymanski},
  title     = {Overlapping community detection in networks: The state-of-the-art
               and comparative study},
  journal   = {ACM Comput. Surv.},
  volume    = {45},
  number    = {4},
  year      = {2013},
  pages     = {43},
  ee        = {http://doi.acm.org/10.1145/2501654.2501657},
  bibsource = {DBLP, http://dblp.uni-trier.de}
}


@article{DBLP:journals/pvldb/ZhouCY09,
  author    = {Yang Zhou and
               Hong Cheng and
               Jeffrey Xu Yu},
  title     = {Graph Clustering Based on Structural/Attribute Similarities},
  journal   = {PVLDB},
  volume    = {2},
  number    = {1},
  year      = {2009},
  pages     = {718-729},
  ee        = {http://www.vldb.org/pvldb/2/vldb09-175.pdf},
  bibsource = {DBLP, http://dblp.uni-trier.de}
}

@inproceedings{DBLP:conf/icwsm/GargiLMY11,
  author    = {Ullas Gargi and
               Wenjun Lu and
               Vahab S. Mirrokni and
               Sangho Yoon},
  title     = {Large-Scale Community Detection on YouTube for Topic Discovery
               and Exploration},
  booktitle = {ICWSM},
  year      = {2011},
  ee        = {http://www.aaai.org/ocs/index.php/ICWSM/ICWSM11/paper/view/2864},
  crossref  = {DBLP:conf/icwsm/2011},
  bibsource = {DBLP, http://dblp.uni-trier.de}
}

@article{DBLP:journals/corr/abs-0906-0612,
  author    = {Santo Fortunato},
  title     = {Community detection in graphs},
  journal   = {CoRR},
  volume    = {abs/0906.0612},
  year      = {2009},
  ee        = {http://arxiv.org/abs/0906.0612},
  bibsource = {DBLP, http://dblp.uni-trier.de}
}

@inproceedings{DBLP:conf/isi/ZhangQGFY07,
  author    = {Haizheng Zhang and
               Baojun Qiu and
               C. Lee Giles and
               Henry C. Foley and
               John Yen},
  title     = {An LDA-based Community Structure Discovery Approach for
               Large-Scale Social Networks},
  booktitle = {ISI},
  year      = {2007},
  pages     = {200-207},
  ee        = {http://dx.doi.org/10.1109/ISI.2007.379553},
  crossref  = {DBLP:conf/isi/2007},
  bibsource = {DBLP, http://dblp.uni-trier.de}
}

@article{journals/jasis/SunL13,
  added-at = {2013-02-13T00:00:00.000+0100},
  author = {Sun, Xiaoling and Lin, Hongfei},
  biburl = {http://www.bibsonomy.org/bibtex/2b05bd0fceaff4e7a15385e2cecf4e9eb/dblp},
  ee = {http://dx.doi.org/10.1002/asi.22740},
  interhash = {24952b8a6f860ac669b9e985dcb0c0b1},
  intrahash = {b05bd0fceaff4e7a15385e2cecf4e9eb},
  journal = {JASIST},
  keywords = {dblp},
  number = 2,
  pages = {321-333},
  timestamp = {2013-02-13T00:00:00.000+0100},
  title = {Topical community detection from mining user tagging behavior and interest.},
  volume = 64,
  year = 2013
}
@article{wardclustering,
  added-at = {2009-05-21T11:41:36.000+0200},
  author = {Ward, Joe H.},
  biburl = {http://www.bibsonomy.org/bibtex/22d1e7fc2532d9b74204f09c3c797fd6f/ds9},
  citeulike-article-id = {1470845},
  description = {ESOM},
  interhash = {587707972b1b1ef88fcbfe316dfd2ec3},
  intrahash = {2d1e7fc2532d9b74204f09c3c797fd6f},
  journal = {Journal of the American Statistical Association},
  keywords = {classification clustering ward},
  number = 301,
  pages = {236--244},
  posted-at = {2008-03-02 22:15:21},
  priority = {0},
  timestamp = {2009-05-21T11:41:36.000+0200},
  title = {Hierarchical Grouping to Optimize an Objective Function},
  url = {http://www.jstor.org/stable/2282967},
  volume = 58,
  year = 1963
}

@inproceedings{Li:2010:CTM:1871437.1871673,
 author = {Li, Daifeng and He, Bing and Ding, Ying and Tang, Jie and Sugimoto, Cassidy and Qin, Zheng and Yan, Erjia and Li, Juanzi and Dong, Tianxi},
 title = {Community-based Topic Modeling for Social Tagging},
 booktitle = {Proc. of the 19th ACM CIKM},
 series = {CIKM '10},
 year = {2010},
 isbn = {978-1-4503-0099-5},
 location = {Toronto, ON, Canada},
 pages = {1565--1568},
 numpages = {4},
 acmid = {1871673},
 publisher = {ACM},
 address = {New York, NY, USA},
 keywords = {community detection, social tagging system, topic mining, ttr-lda-community},
} 
@inproceedings{tang2008arnetminer,
  title={ArnetMiner: extraction and mining of academic social networks},
  author={Tang, Jie and Zhang, Jing and Yao, Limin and Li, Juanzi and Zhang, Li and Su, Zhong},
  booktitle={Proceedings of the 14th ACM SIGKDD international conference on Knowledge discovery and data mining},
  pages={990--998},
  year={2008},
  organization={ACM}
}

@inproceedings{riahi2012finding,
  title={Finding expert users in community question answering},
  author={Riahi, Fatemeh and Zolaktaf, Zainab and Shafiei, Mahdi and Milios, Evangelos},
  booktitle={Proceedings of the 21st international conference companion on World Wide Web},
  pages={791--798},
  year={2012},
  organization={ACM}
}
@inproceedings{conf/icwsm/SungLL13,
  added-at = {2013-08-20T00:00:00.000+0200},
  author = {Sung, Juyup and Lee, Jae-Gil and Lee, Uichin},
  biburl = {http://www.bibsonomy.org/bibtex/2f1492ad3a9031bcf50841d72a6319527/dblp},
  booktitle = {ICWSM},
  crossref = {conf/icwsm/2013},
  editor = {Kiciman, Emre and Ellison, Nicole B. and Hogan, Bernie and Resnick, Paul and Soboroff, Ian},
  ee = {http://www.aaai.org/ocs/index.php/ICWSM/ICWSM13/paper/view/5998},
  interhash = {0ed8f2324fba6c9f99b6ec753c197be4},
  intrahash = {f1492ad3a9031bcf50841d72a6319527},
  isbn = {978-1-57735-610-3},
  keywords = {dblp},
  publisher = {The AAAI Press},
  timestamp = {2013-08-20T00:00:00.000+0200},
  title = {Booming Up the Long Tails: Discovering Potentially Contributive Users in Community-Based Question Answering Services.},
  year = 2013
}

@inproceedings{pal2012evolution,
  title={Evolution of Experts in Question Answering Communities.},
  author={Pal, Aditya and Chang, Shuo and Konstan, Joseph A},
  booktitle={ICWSM},
  year={2012}
}

@inproceedings{leskovec2008statistical,
  title={Statistical properties of community structure in large social and information networks},
  author={Leskovec, Jure and Lang, Kevin J and Dasgupta, Anirban and Mahoney, Michael W},
  booktitle={Proceedings of the 17th international conference on World Wide Web},
  pages={695--704},
  year={2008},
  organization={ACM}
}
@article{blei2003latent,
  title={Latent dirichlet allocation},
  author={Blei, David M and Ng, Andrew Y and Jordan, Michael I},
  journal={the Journal of machine Learning research},
  volume={3},
  pages={993--1022},
  year={2003},
  publisher={JMLR. org}
}
@inproceedings{adamic2008knowledge,
  title={Knowledge sharing and yahoo answers: everyone knows something},
  author={Adamic, Lada A and Zhang, Jun and Bakshy, Eytan and Ackerman, Mark S},
  booktitle={Proceedings of the 17th WWW},
  pages={665--674},
  year={2008},
  organization={ACM}
}
@inproceedings{li2010routing,
  title={Routing questions to appropriate answerers in community question answering services},
  author={Li, Baichuan and King, Irwin},
  booktitle={Proceedings of the 19th ACM international conference on Information and knowledge management},
  pages={1585--1588},
  year={2010},
  organization={ACM}
}
@inproceedings{Zhou:2012:CAQ:2187980.2188201,
 author = {Zhou, Tom Chao and Lyu, Michael R. and King, Irwin},
 title = {A Classification-based Approach to Question Routing in Community Question Answering},
 booktitle = {Proceedings of the 21st International Conference Companion on World Wide Web},
 series = {WWW '12 Companion},
 year = {2012},
 isbn = {978-1-4503-1230-1},
 location = {Lyon, France},
 pages = {783--790},
 numpages = {8},
 acmid = {2188201},
 publisher = {ACM},
 address = {New York, NY, USA},
 keywords = {classification, community question answering, question routing},
} 
@inproceedings{dror2011want,
  title={I want to answer; who has a question?: Yahoo! answers recommender system},
  author={Dror, Gideon and Koren, Yehuda and Maarek, Yoelle and Szpektor, Idan},
  booktitle={Proceedings of the 17th ACM SIGKDD international conference on Knowledge discovery and data mining},
  pages={1109--1117},
  year={2011},
  organization={ACM}
}
@inproceedings{Guo:2008:TPQ:1458082.1458204,
 author = {Guo, Jinwen and Xu, Shengliang and Bao, Shenghua and Yu, Yong},
 title = {Tapping on the Potential of Q\&\#38;a Community by Recommending Answer Providers},
 booktitle = {Proceedings of the 17th ACM Conference on Information and Knowledge Management},
 series = {CIKM '08},
 year = {2008},
 isbn = {978-1-59593-991-3},
 location = {Napa Valley, California, USA},
 pages = {921--930},
 numpages = {10},
 acmid = {1458204},
 publisher = {ACM},
 address = {New York, NY, USA},
 keywords = {community-based question answering, gibbs sampling, latent topic modeling, question answerer recommendation},
} 

@article{ahn2010link,
  title={Link communities reveal multiscale complexity in networks},
  author={Ahn, Yong-Yeol and Bagrow, James P and Lehmann, Sune},
  journal={Nature},
  volume={466},
  number={7307},
  pages={761--764},
  year={2010},
  publisher={Nature Publishing Group}
}
@book{watson2008causewired,
  title={CauseWired: plugging in, getting involved, changing the world},
  author={Watson, Tom},
  year={2008},
  publisher={John Wiley \& Sons}
}
@inproceedings{yang2013cqarank,
  title={CQArank: jointly model topics and expertise in community question answering},
  author={Yang, Liu and Qiu, Minghui and Gottipati, Swapna and Zhu, Feida and Jiang, Jing and Sun, Huiping and Chen, Zhong},
  booktitle={Proceedings of the 22nd ACM international conference on Conference on information \& knowledge management},
  pages={99--108},
  year={2013},
  organization={ACM}
}
@article{adamic2000power,
  title={Power-law distribution of the world wide web},
  author={Adamic, Lada A and Huberman, Bernardo A},
  journal={Science},
  volume={287},
  number={5461},
  pages={2115--2115},
  year={2000},
  publisher={American Association for the Advancement of Science}
}
@article{mika2007ontologies,
  title={Ontologies are us: A unified model of social networks and semantics},
  author={Mika, Peter},
  journal={Web Semantics: Science, Services and Agents on the World Wide Web},
  volume={5},
  number={1},
  pages={5--15},
  year={2007},
  publisher={Elsevier}
}

@inproceedings{Chang:2013,
 author = {Chang, Shuo and Pal, Aditya},
 title = {Routing Questions for Collaborative Answering in Community Question Answering},
 booktitle = {Proceedings of the 2013 IEEE/ACM ASONAM},
 year = {2013},
 isbn = {978-1-4503-2240-9},
 location = {Niagara, Ontario, Canada},
 pages = {494--501},
 numpages = {8},

 acmid = {2492559},
 publisher = {ACM},
 address = {New York, NY, USA},
}
@INPROCEEDINGS{Ng01onspectral,
    author = {Andrew Y. Ng and Michael I. Jordan and Yair Weiss},
    title = {On Spectral Clustering: Analysis and an algorithm},
    booktitle = {ADVANCES IN NEURAL INFORMATION PROCESSING SYSTEMS },
    year = {2001},
    pages = {849--856},
    publisher = {MIT Press}
}
@inproceedings{gandon:hal-01059273,
  TITLE = {{Challenges in Bridging Social Semantics and Formal Semantics on the Web}},
  AUTHOR = {Gandon, Fabien and Buffa, Michel and Cabrio, Elena and Corby, Olivier and Faron-Zucker, Catherine and Giboin, Alain and Le Thanh, Nhan and Mirbel, Isabelle and Sander, Peter and Tettamanzi, Andrea G. B. and Villata, Serena},
  URL = {https://hal.inria.fr/hal-01059273},
  BOOKTITLE = {{5h International Conference, ICEIS 2013}},
  ADDRESS = {Angers, France},
  EDITOR = {Hammoudi, S. and Cordeiro, J. and Maciaszek, L.A. and Filipe, J.},
  PUBLISHER = {{Springer}},
  SERIES = {},
  VOLUME = {190},
  PAGES = {3-15},
  YEAR = {2013},
  MONTH = Jul,
  KEYWORDS = {semantic web ; social web ; knowledge representation ; ontologies},
  PDF = {https://hal.inria.fr/hal-01059273/file/BridgingSocialSemanticsAndFormalSemantics_FabienGandon.pdf},
  HAL_ID = {hal-01059273},
  HAL_VERSION = {v1},
}

